@ARTICLE{bandgap,
   author = {{Ammari}, H. and {Fitzpatrick}, B. and {Lee}, H. and {Yu}, S. and 
	{Zhang}, H.},
    title = "{Subwavelength phononic bandgap opening in bubbly media}",
  journal = {ArXiv e-prints},
archivePrefix = "arXiv",
   eprint = {1702.05317},
 primaryClass = "math.AP",
 keywords = {Mathematics - Analysis of PDEs, 35R30, 35C20},
     year = 2017,
    month = feb,
   adsurl = {http://adsabs.harvard.edu/abs/2017arXiv170205317A},
  adsnote = {Provided by the SAO/NASA Astrophysics Data System}
}
